<?xml version="1.0" encoding="UTF-8"?><record xmlns="http://www.loc.gov/MARC21/slim" xmlns:cinclude="http://apache.org/cocoon/include/1.0" xmlns:zs="http://www.loc.gov/zing/srw/">
  <leader>00438nz  a2200133n  4500</leader>
  <controlfield tag="001">n 2015050265</controlfield>
  <controlfield tag="003">DLC</controlfield>
  <controlfield tag="005">20150814163950.0</controlfield>
  <controlfield tag="008">150814n| azannaabn          |a aaa      </controlfield>
  <datafield tag="010" ind1=" " ind2=" ">
    <subfield code="a">n 2015050265</subfield>
  </datafield>
  <datafield tag="040" ind1=" " ind2=" ">
    <subfield code="a">DLC</subfield>
    <subfield code="b">eng</subfield>
    <subfield code="e">rda</subfield>
    <subfield code="c">DLC</subfield>
  </datafield>
  <datafield tag="100" ind1="1" ind2=" ">
    <subfield code="a">Voĭloshnikov, A. V.,</subfield>
    <subfield code="d">1926-2012,</subfield>
    <subfield code="t">Works.</subfield>
    <subfield code="k">Selections</subfield>
    <subfield code="f">2014</subfield>
  </datafield>
  <datafield tag="400" ind1="1" ind2=" ">
    <subfield code="a">Voĭloshnikov, A. V.,</subfield>
    <subfield code="d">1926-2012,</subfield>
    <subfield code="t">Sobranie sochineniĭ v 6 tomakh.</subfield>
    <subfield code="f">2014</subfield>
  </datafield>
  <datafield tag="670" ind1=" " ind2=" ">
    <subfield code="a">Sobranie sochineniĭ v 6 tomakh, 2014-</subfield>
  </datafield>
</record>